@online{AliExpress,
  author       = {{AliExpress}},
  title        = {Cámaras climáticas},
  year         = {2024},
  note         = {Disponible en: \url{https://acortar.link/VphX38}},
  urldate      = {3 de abril del 2024}
}

@online{Coneval,
  author       = {{CONEVAL}},
  title        = {Medición de la pobreza},
  year         = {2016},
  note         = {Disponible en: \url{https://www.coneval.org.mx/Medicion/MP/Paginas/Pobreza_2016.aspx}},
  urldate      = {1 de diciembre del 2016}
}

@online{Censo2020,
  author       = {{INEGI}},
  title        = {RESULTADOS DEL CENSO 2020},
  year         = {2020},
  note         = {Disponible en: \url{https://inegi.org.mx/contenidos/saladeprensa/boletines/2021/EstSociodemo/ResultCenso2020_Oax.docx}},
  urldate      = {5 de abril del 2020}
}

@online{INEGIOaxaca,
  author       = {{INEGI}},
  title        = {Densidad Oaxaca},
  year         = {2020},
  note         = {Disponible en: \url{https://cuentame.inegi.org.mx/monografias/informacion/oax/poblacion/densidad.aspx?tema=me&e=20}},
  urldate      = {1 de abril del 2020}
}

@article{Gonzalez,
    author = {S., Gonzales},
    title = {Proyecto de inversión para el establecimiento de una fábrica de productos energéticos de consumo alimenticio elaboradas a base de leguminosas y oleaginosas},
    journal = {UniversidadTecnológica de la Mixteca} ,
    year = {2003}
}

@online{LeySociedades,
  title        = {Ley General de Sociedades Mercantiles”. Justia.},
  year         = {2020},
  note         = {Disponible en: \url{https://mexico.justia.com/federales/leyes/ley-general-de-sociedades-mercantiles/}},
  urldate      = {20 de abril de 2024.}
}

@online{LeyTitulos,
  author       = {UNAM},
  title        = {Ley General de Títulos y Operaciones de Crédito”. Red Universitaria de Aprendizaje },
  year         = {2020},
  note         = {Disponible en: \url{https://www.rua.unam.mx/portal/recursos/ficha/8649/ley-general-de-titulos-y-operaciones-de-credito}},
  urldate      = {20 de abril de 2024}
}

@online{LeyContratoSeguro,
  author       = {Allianz Seguros},
  title        = {¿Qué es la Ley del Contrato de Seguro? | Diccionario de Seguros Allianz },
  year         = {2023},
  note         = {Disponible en: \url{https://www.allianz.es/descubre-/mediadores/diccionario-de-seguros/l/que-es-la-ley-del-contrato-de-seguro.html}},
  urldate      = {20 de abril de 2024}
}

@online{LeyConcursos,
  author       = {L. A. Franck Cabrera},
  title        = {LEY DE CONCURSOS MERCANTILES Y LEY DE QUIEBRAS Y SUSPENSION DE PAGOS },
  year         = {2020},
  note         = {Disponible en: \url{https://www.ifecom.cjf.gob.mx/applications/aspx/..\..\resources\PDF\articulo\7.pdf}},
  urldate      = {20 de abril de 2024}
}

@online{LeyCompetencia,
  author       = {CÁMARA DE DIPUTADOS DEL H. CONGRESO DE LA UNIÓN},
  title        = {Ley Federal de Competencia Económica - CONAMER”. CNARTyS - CONAMER. Accedido el 20 de abril de 2024. [En línea]. Disponible:  },
  year         = {2019},
  note         = {Disponible en: \url{https://www.diputados.gob.mx/LeyesBiblio/pdf/LCEC_120419.pdf}},
  urldate      = {20 de abril de 2024}
}

@online{LeyCamarasConfederaciones,
  author       = {L. A. Franck Cabrera},
  title        = {LEY DE CÁMARAS EMPRESARIALES Y SUS CONFEDERACIONES },
  year         = {2020},
  note         = {Disponible en: \url{https://www.diputados.gob.mx/LeyesBiblio/pdf/LCEC_120419.pdf}},
  urldate      = {20 de abril de 2024}
}

@online{LeySeguroSocial,
  author       = {PANDAPE},
  title        = {Ley del Seguro Social en México: su relevancia en RR.HH},
  year         = {2020},
  note         = {Disponible en: \url{https://www.pandape.com/blog/ley-del-seguro-social/}},
  urldate      = {20 de abril de 2024}
}

@online{CreditoBBVA,
  author       = {BBVA México},
  title        = {¿Qué es el crédito Infonavit y cómo funciona? | BBVA México },
  note         = {Disponible en: \url{https://www.bbva.mx/educacion-financiera/banca-digital/portabilidad-credito-infonavit.html}},
  urldate      = {20 de abril de 2024}
}

@online{LeyFederalTrabajo,
  author       = {Payrolling},
  title        = {Aspectos más importantes de la Ley Federal del Trabajo - Payrolling},
  note         = {Disponible en: \url{https://payrolling.mx/blog/ley-federal-del-trabajo/}},
  urldate      = {20 de abril de 2024}
}

@online{CambiosReformaLaboral,
  author       = {Legal Engineers},
  title        = {7 Cambios Principales de la Reforma Laboral en México 2019 – Legal Engineers},
  note         = {Disponible en: \url{https://www.nafta-law.com/2019/05/7-cambios-principales-de-la-reforma-laboral-en-mexico-2019/}},
  urldate      = {20 de abril de 2024}
}

@online{CódigoFiscalFederacion,
  title        = {CÓDIGO FISCAL DE LA FEDERACIÓN},
  note         = {Disponible en: \url{https://www.gob.mx/profepa/documentos/codigo-fiscal-de-la-federacion}},
  urldate      = {20 de abril de 2024}
}

@online{LeyImpuestoRenta,
  author       = {Justia},
  title        = {Ley de Impuesto Sobre la Renta},
  note         = {Disponible en: \url{https://mexico.justia.com/federales/leyes/ley-del-impuesto-sobre-la-renta/#:~:text=La%20Ley%20del%20Impuesto%20Sobre,por%20los%20ingresos%20que%20obtengan}},
  urldate      = {20 de abril de 2024}
}

@online{ApartadosHacienda,
  author       = {Payrolling},
  title        = {Apartados hacienda},
  note         = {Disponible en: \url{https://www.apartados.hacienda.gob.mx/contabilidad/documentos/informe_cuenta/1998/cuenta_publica/Glosario/i.html}},
  urldate      = {20 de abril de 2024}
}

@online{ImpuestoValorAgregado,
  author       = {Camara de diputados},
  title        = {Impuesto al Valor Agregado},
  year         = {2023-2024},
  note         = {Disponible en: \url{https://www.cefp.gob.mx/publicaciones/nota/2023/notacefp0852023.pdf }},
  urldate      = {20 de abril de 2024}
}

@online{LeyEquilibroEcologico,
  title        = {LEY GENERAL DEL EQUILIBRIO ECOLÓGICO Y LA PROTECCIÓN AL AMBIENTE},
  note         = {Disponible en: \url{https://www.gob.mx/profepa/documentos/ley-general-del-equilibrio-ecologico-y-la-proteccion-al-ambiente-63043}},
  urldate      = {20 de abril de 2024}
}

@misc{DataMexico2023,
  title = {Oaxaca: Economy, employment, equity, quality of life, education, health and public safety},
  author = {Data México},
  year = {2023},
  url = {^1^}
}
@misc{DataMexicoHuajuapan2023,
  title = {Heroica Ciudad de Huajuapan de León: Economy, employment, equity, quality of life, education, health and public safety},
  author = {Data México},
  year = {2023},
  url = {^4^}
}

@misc{PoblacionHuajuapan2020,
  title = {Población de Heroica Ciudad de Huajuapan de León, Oaxaca, en 2020},
  author = {Telencuestas},
  year = {2020},
  url = {^6^}
}

@misc{CFE,
  title = {Tarifa 9 Nocturna},
  author = {Comisión Federal de Electricidad},
  year = {2024},
  url = {https://app.cfe.mx/Aplicaciones/CCFE/Tarifas/TarifasCRENegocio/Tarifas/AgricolaNocturna.aspx}
}

@misc{Licencia2024Mexico,
  title = {Licencia de funcionamiento},
  author = {Gobierno de México},
  year = {2024},
  url = {https://www.gob.mx/tramites/ficha/licencia-de-funcionamiento/Entidades7553}
}
@misc{permisos2024Mexico,
  title = {Permiso de construcción},
  author = {Gobierno de México},
  year = {2024},
  url = {https://www.gob.mx/tramites/ficha/permiso-de-construccion/Entidades7099}
}




